%% This BibTeX bibliography file was created using BibDesk.
%% http://bibdesk.sourceforge.net/

%% Created for Charles Garfinkle at 2020-07-14 11:24:45 -0700 

%% Saved with string encoding Unicode (UTF-8) 

@misc{chrishillar,
  author = "Hillar, C.",
  date = "2020-20-07",
  howpublished = "(personal communication)"
}

@manual{stackexchangeanswer,
      title  = "Answer to: extended stars-and-bars problem(where the upper limit of the variable is bounded)",
      author = "Marc van Leeuwen",
      url    = "https://math.stackexchange.com/questions/553960/extended-stars-and-bars-problemwhere-the-upper-limit-of-the-variable-is-bounded",
      year   = "2013 (accessed July 18, 2020)"
    }

@book{basu2006algorithms,
  title={Algorithms in real algebraic geometry},
  author={Basu, Saugata and Pollack, Richard and Roy, Marie-Fran{\c{c}}oise},
  volume={10},
  year={2006},
  publisher={Springer}
}

@article{baraniuk2008simple,
  title={A simple proof of the restricted isometry property for random matrices},
  author={Baraniuk, Richard and Davenport, Mark and DeVore, Ronald and Wakin, Michael},
  journal={Constructive Approximation},
  volume={28},
  number={3},
  pages={253--263},
  year={2008},
  publisher={Springer}
}

@article{hyvarinen2000independent,
  title={Independent component analysis: algorithms and applications},
  author={Hyv{\"a}rinen, Aapo and Oja, Erkki},
  journal={Neural networks},
  volume={13},
  number={4-5},
  pages={411--430},
  year={2000},
  publisher={Elsevier}
}

@book{eldar2012compressed,
  title={Compressed sensing: theory and applications},
  author={Eldar, Yonina C and Kutyniok, Gitta},
  year={2012},
  publisher={Cambridge university press}
}

@article{lee2016sparse,
	Author = {Lee, Y.-B. and Lee, J. and Tak, S. and Lee, K. and Na, D. and Seo, S. and Jeong, Y. and Ye, J. and Alzheimer's Disease Neuroimaging Initiative},
	Journal = {Neuroimage},
	Pages = {1032--1045},
	Publisher = {Elsevier},
	Title = {Sparse SPM: Group Sparse-dictionary learning in SPM framework for resting-state functional connectivity MRI analysis},
	Volume = {125},
	Year = {2016}}

@article{jung2001imaging,
	Author = {Jung, T.-P. and Makeig, S. and McKeown, M. and Bell, A. and Lee, T.-W. and Sejnowski, T.},
	Journal = {Proc. IEEE},
	Number = {7},
	Pages = {1107--1122},
	Publisher = {IEEE},
	Title = {Imaging brain dynamics using independent component analysis},
	Volume = {89},
	Year = {2001}}

@article{wu2016stability,
	Author = {Wu, S. and Joseph, A. and Hammonds, A. and Celniker, S. and Yu, B. and Frise, E.},
	Journal = {Proc. Natl. Acad. Sci.},
	Number = {16},
	Pages = {4290--4295},
	Publisher = {National Acad Sciences},
	Title = {Stability-driven nonnegative matrix factorization to interpret spatial gene expression and build local gene networks},
	Volume = {113},
	Year = {2016}}

@article{pitts1947,
	Author = {Pitts, W. and McCulloch, W.},
	Journal = {Bull. Math. Biophys.},
	Number = {3},
	Pages = {127--147},
	Publisher = {Springer},
	Title = {How we know universals: the perception of auditory and visual forms},
	Volume = {9},
	Year = {1947}}

@article{arias2013fundamental,
	Author = {Arias-Castro, E. and Candes, E. and Davenport, M.},
	Journal = {IEEE Trans. Inf. Theory},
	Number = {1},
	Pages = {472--481},
	Publisher = {IEEE},
	Title = {On the fundamental limits of adaptive sensing},
	Volume = {59},
	Year = {2013}}

@book{wang2015sparse,
	Author = {Wang, Z. and Yang, J. and Zhang, H. and Wang, Z. and Yang, Y. and Liu, D. and Huang, T.},
	Publisher = {World Scientific},
	Title = {Sparse coding and its applications in computer vision},
	Year = {2015}}

@article{szegedy2013intriguing,
	Author = {Szegedy, C and Zaremba, W and Sutskever, I and Bruna, J and Erhan, D and Goodfellow, I and Fergus, R},
	Journal = {arXiv preprint arXiv:1312.6199},
	Title = {Intriguing properties of neural networks},
	Year = {2013}}

@article{goodfellow2014explaining,
	Author = {Goodfellow, I and Shlens, J and Szegedy, C},
	Journal = {Proc. International Conference on Learning Representations, 11 pp.},
	Title = {Explaining and harnessing adversarial examples},
	Year = {2014}}

@article{tillmann2014computational,
	Author = {Tillmann, A. and Pfetsch, M.},
	Journal = {IEEE Trans. Inf. Theory},
	Number = {2},
	Pages = {1248--1259},
	Publisher = {IEEE},
	Title = {The computational complexity of the restricted isometry property, the nullspace property, and related concepts in compressed sensing},
	Volume = {60},
	Year = {2014}}

@article{tillmann2015computational,
	Author = {Tillmann, A.},
	Journal = {IEEE Signal Process. Lett.},
	Number = {1},
	Pages = {45--49},
	Publisher = {IEEE},
	Title = {On the computational intractability of exact and approximate dictionary learning},
	Volume = {22},
	Year = {2015}}

@inproceedings{kong2016prior,
	Author = {Kong, Chen and Lucey, Simon},
	Booktitle = {Proc. IEEE Comput. Soc. Conf. Comput. Vis. Pattern Recognit.},
	Pages = {4123--4131},
	Title = {Prior-less compressible structure from motion},
	Year = {2016}}

@article{Donoho06compressed,
	Author = {Donoho, D.L.},
	Date-Modified = {2016-08-16 14:04:18 +0000},
	Issn = {0018-9448},
	Journal = {Information Theory, IEEE Transactions on},
	Number = {4},
	Pages = {1289--1306},
	Publisher = {IEEE},
	Title = {{Compressed sensing}},
	Volume = {52},
	Year = {2006}}

@inproceedings{pehlevan2015normative,
	Author = {Pehlevan, C. and Chklovskii, D.},
	Booktitle = {Advances in Neural Information Processing Systems},
	Pages = {2269--2277},
	Title = {A normative theory of adaptive dimensionality reduction in neural networks},
	Year = {2015}}

@article{rozell2007neurally,
	Author = {Rozell, C. and Johnson, D. and Baraniuk, R. and Olshausen, B.},
	Journal = {Neural Comput.},
	Number = {10},
	Pages = {2526--2563},
	Title = {Neurally plausible sparse coding via thresholding and local competition},
	Volume = {20},
	Year = {2008}}

@inproceedings{hu2014hebbian,
	Author = {Hu, T. and Pehlevan, C. and Chklovskii, D.},
	Booktitle = {48th Asilomar Conference on Signals, Systems and Computers},
	Organization = {IEEE},
	Pages = {613--619},
	Title = {A {H}ebbian/anti-{H}ebbian network for online sparse dictionary learning derived from symmetric matrix factorization},
	Year = {2014}}

@article{lustig2008compressed,
	Author = {Lustig, M. and Donoho, D. and Santos, J. and Pauly, J.},
	Journal = {IEEE Signal Process. Mag.},
	Number = {2},
	Pages = {72--82},
	Publisher = {IEEE},
	Title = {Compressed sensing {MRI}},
	Volume = {25},
	Year = {2008}}

@book{folland2013real,
	Author = {Folland, G.},
	Publisher = {John Wiley \& Sons},
	Title = {Real analysis: modern techniques and their applications},
	Year = {2013}}

@article{hyvarinen1999fast,
	Author = {Hyvarinen, A.},
	Journal = {IEEE transactions on Neural Networks},
	Number = {3},
	Pages = {626--634},
	Publisher = {IEEE},
	Title = {Fast and robust fixed-point algorithms for independent component analysis},
	Volume = {10},
	Year = {1999}}

@article{Donoho06stable,
	Author = {Donoho, David L and Elad, Michael and Temlyakov, Vladimir N},
	Date-Modified = {2016-08-16 14:04:24 +0000},
	Journal = {Information Theory, IEEE Transactions on},
	Number = {1},
	Pages = {6--18},
	Publisher = {IEEE},
	Title = {Stable recovery of sparse overcomplete representations in the presence of noise},
	Volume = {52},
	Year = {2006}}

@article{Duarte08,
	Author = {M. Duarte and M. Davenport and D. Takbar and J. Laska and T. Sun and K. Kelly and R. Baraniuk},
	Date-Modified = {2016-08-16 14:03:26 +0000},
	Journal = {IEEE Signal Process. Mag.},
	Month = {March},
	Number = {2},
	Pages = {83--91},
	Title = {Single-Pixel Imaging via Compressive Sampling},
	Volume = {25},
	Year = {2008}}

@article{Spielman04,
	Author = {Spielman, D. and Teng, S.-H.},
	Date-Modified = {2016-08-16 14:03:42 +0000},
	Journal = {Journal of the ACM (JACM)},
	Number = {3},
	Pages = {385--463},
	Publisher = {ACM},
	Title = {Smoothed analysis of algorithms: Why the simplex algorithm usually takes polynomial time},
	Volume = {51},
	Year = {2004}}

@article{Tukey53,
	Author = {Tukey, JW},
	Date-Modified = {2016-08-16 14:04:56 +0000},
	Journal = {Reprinted in The Collected Works of John W. Tukey},
	Pages = {165--184},
	Title = {The spectral representation and transformation properties of the higher moments of stationary time series},
	Volume = {1},
	Year = {1953}}

@article{Billinger02,
	Author = {Brillinger, David R},
	Date-Modified = {2016-08-16 14:02:40 +0000},
	Journal = {Annals of Statistics},
	Pages = {1595--1618},
	Publisher = {JSTOR},
	Title = {John W. Tukey's work on time series and spectrum analysis},
	Year = {2002}}

@article{sato1975method,
	Author = {Sato, Y.},
	Journal = {IEEE Trans. Commun.},
	Number = {6},
	Pages = {679--682},
	Publisher = {IEEE},
	Title = {A method of self-recovering equalization for multilevel amplitude-modulation systems},
	Volume = {23},
	Year = {1975}}

@article{Brillinger67,
	Author = {Brillinger, David R and Rosenblatt, Murray},
	Date-Modified = {2016-08-16 14:01:21 +0000},
	Journal = {Proceedings of the National Academy of Sciences},
	Number = {2},
	Pages = {206--210},
	Publisher = {National Acad Sciences},
	Title = {Asymptotic theory of estimates of kth-order spectra},
	Volume = {57},
	Year = {1967}}

@article{Sato77,
	Author = {Sato, Takuso and Sasaki, Kimio},
	Date-Modified = {2016-08-16 14:01:54 +0000},
	Journal = {The Journal of the Acoustical Society of America},
	Number = {2},
	Pages = {404--408},
	Publisher = {Acoustical Society of America},
	Title = {Bispectral holography},
	Volume = {62},
	Year = {1977}}

@article{Sato73,
	Author = {Sato, Takuso and Ueda, Mitsuhiro and Fukuda, Sadanao},
	Date-Modified = {2016-08-16 14:04:44 +0000},
	Journal = {The Journal of the Acoustical Society of America},
	Number = {3},
	Pages = {799--802},
	Publisher = {Acoustical Society of America},
	Title = {Synthetic aperture sonar},
	Volume = {54},
	Year = {1973}}

@article{Gao14,
	Author = {Gao, L. and Liang, J. and Li, C. and Wang, L.},
	Date-Modified = {2016-08-16 14:03:36 +0000},
	Journal = {Nature},
	Number = {7529},
	Pages = {74--77},
	Publisher = {Nature Publishing Group},
	Title = {Single-shot compressed ultrafast photography at one hundred billion frames per second},
	Volume = {516},
	Year = {2014}}

@article{Smart15,
	Author = {Smart, Ashley G},
	Date-Modified = {2016-08-16 14:01:11 +0000},
	Journal = {Physics today},
	Number = {2},
	Pages = {12},
	Publisher = {American Institute of Physics},
	Title = {An ultrafast camera films light at light speed},
	Volume = {68},
	Year = {2015}}

@article{Gamo63,
	Author = {Gamo, Hideya},
	Date-Modified = {2016-08-16 14:05:08 +0000},
	Journal = {Journal of Applied Physics},
	Number = {4},
	Pages = {875--876},
	Publisher = {AIP Publishing},
	Title = {Triple correlator of photoelectric fluctuations as a spectroscopic tool},
	Volume = {34},
	Year = {1963}}

@article{Wirnitzer83,
	Author = {Wirnitzer, B},
	Date-Modified = {2016-08-16 14:02:49 +0000},
	Journal = {Optics communications},
	Number = {3},
	Pages = {225--228},
	Publisher = {Elsevier},
	Title = {Measurement of ultrashort laser pulses},
	Volume = {48},
	Year = {1983}}

@article{lohmann83,
	Author = {Lohmann, Adolf W and Weigelt, Gerd and Wirnitzer, Bernhard},
	Date-Modified = {2016-08-16 14:03:57 +0000},
	Journal = {Applied Optics},
	Number = {24},
	Pages = {4028--4037},
	Publisher = {Optical Society of America},
	Title = {Speckle masking in astronomy: triple correlation theory and applications},
	Volume = {22},
	Year = {1983}}

@article{Bartelt84,
	Author = {Bartelt, H and Lohmann, Adolf W and Wirnitzer, B},
	Date-Modified = {2016-08-16 14:03:05 +0000},
	Journal = {Applied Optics},
	Number = {18},
	Pages = {3121--3129},
	Publisher = {Optical Society of America},
	Title = {Phase and amplitude recovery from bispectra},
	Volume = {23},
	Year = {1984}}

@article{Giannakis89,
	Author = {Giannakis, Georgios B},
	Date-Modified = {2016-08-16 14:03:19 +0000},
	Journal = {JOSA A},
	Number = {5},
	Pages = {682--697},
	Publisher = {Optical Society of America},
	Title = {Signal reconstruction from multiple correlations: frequency-and time-domain approaches},
	Volume = {6},
	Year = {1989}}

@inproceedings{Krieger97,
	Author = {Krieger, Gerhard and Zetzsche, Christoph and Barth, Erhardt},
	Booktitle = {Higher-Order Statistics, 1997., Proceedings of the IEEE Signal Processing Workshop on},
	Date-Modified = {2016-08-16 14:02:28 +0000},
	Organization = {IEEE},
	Pages = {147--151},
	Title = {Higher-order statistics of natural images and their exploitation by operators selective to intrinsic dimensionality},
	Year = {1997}}

@article{Sadler92,
	Author = {Sadler, Brian M and Giannakis, Georgios B},
	Date-Modified = {2016-08-16 14:03:11 +0000},
	Journal = {JOSA A},
	Number = {1},
	Pages = {57--69},
	Publisher = {Optical Society of America},
	Title = {Shift-and rotation-invariant object reconstruction using the bispectrum},
	Volume = {9},
	Year = {1992}}

@article{Kakarala12,
	Author = {Kakarala, Ramakrishna},
	Date-Modified = {2016-08-16 14:04:49 +0000},
	Journal = {Journal of Mathematical Imaging and Vision},
	Number = {3},
	Pages = {341--353},
	Publisher = {Springer},
	Title = {The bispectrum as a source of phase-sensitive invariants for Fourier descriptors: A group-theoretic approach},
	Volume = {44},
	Year = {2012}}

@article{Bhaskara13,
	Author = {Bhaskara, Aditya and Charikar, Moses and Vijayaraghavan, Aravindan},
	Date-Modified = {2016-08-16 14:05:14 +0000},
	Journal = {arXiv preprint arXiv:1304.8087},
	Title = {Uniqueness of tensor decompositions with applications to polynomial identifiability},
	Year = {2013}}

@article{Li15,
	Author = {Li, Yanjun and Lee, Kiryung and Bresler, Yoram},
	Journal = {arXiv preprint arXiv:1501.06120},
	Title = {A unified framework for identifiability analysis in bilinear inverse problems with applications to subspace and sparsity models},
	Year = {2015}}

@article{Candes06stable,
	Author = {Candes, Emmanuel J and Romberg, Justin K and Tao, Terence},
	Date-Modified = {2016-08-16 14:04:37 +0000},
	Journal = {Communications on pure and applied mathematics},
	Number = {8},
	Pages = {1207--1223},
	Publisher = {Wiley Online Library},
	Title = {Stable signal recovery from incomplete and inaccurate measurements},
	Volume = {59},
	Year = {2006}}

@article{Candes06near,
	Author = {Candes, Emmanuel J and Tao, Terence},
	Date-Modified = {2016-08-16 18:15:32 +0000},
	Journal = {Information Theory, IEEE Transactions on},
	Number = {12},
	Pages = {5406--5425},
	Publisher = {IEEE},
	Title = {Near-optimal signal recovery from random projections: Universal encoding strategies?},
	Volume = {52},
	Year = {2006}}

@article{li2004analysis,
	Author = {Li, Y. and Cichocki, A. and Amari, S.-I.},
	Journal = {Neural Comput.},
	Number = {6},
	Pages = {1193--1234},
	Publisher = {MIT Press},
	Title = {Analysis of sparse representation and blind source separation},
	Volume = {16},
	Year = {2004}}

@article{Georgiev05,
	Author = {Georgiev, P. and Theis, F. and Cichocki, A.},
	Journal = {IEEE Trans. Neural Netw.},
	Numer = {4},
	Pages = {992--996},
	Title = {Sparse component analysis and blind source separation of underdetermined mixtures},
	Volume = {16},
	Year = {2005}}

@article{Aharon06,
	Author = {Aharon, M. and Elad, M. and Bruckstein, A.},
	Journal = {Linear Algebra Appl.},
	Number = {1},
	Pages = {48--67},
	Publisher = {Elsevier},
	Title = {On the uniqueness of overcomplete dictionaries, and a practical way to retrieve them},
	Volume = {416},
	Year = {2006}}

@article{CandesTao05,
	Author = {Candes, Emmanuel J and Tao, Terence},
	Date-Modified = {2015-12-14 03:40:23 +0000},
	Journal = {Information Theory, IEEE Transactions on},
	Number = {12},
	Pages = {4203--4215},
	Publisher = {IEEE},
	Title = {Decoding by linear programming},
	Volume = {51},
	Year = {2005}}

@article{Morris10,
	Author = {Morris, I.},
	Journal = {Adv. Math.},
	Number = {6},
	Pages = {3425--3445},
	Publisher = {Elsevier},
	Title = {A rapidly-converging lower bound for the joint spectral radius via multiplicative ergodic theory},
	Volume = {225},
	Year = {2010}}

@article{Baraniuk08,
	Author = {Baraniuk, Richard and Davenport, Mark and DeVore, Ronald and Wakin, Michael},
	Date-Modified = {2016-08-16 13:59:42 +0000},
	Journal = {Constructive Approximation},
	Number = {3},
	Pages = {253--263},
	Publisher = {Springer},
	Title = {A simple proof of the restricted isometry property for random matrices},
	Volume = {28},
	Year = {2008}}

@article{Gribonval06,
	Author = {Gribonval, R{\'e}mi and i Ventura, RM Figueras and Vandergheynst, Pierre},
	Date-Modified = {2016-08-16 13:59:52 +0000},
	Journal = {Signal processing},
	Number = {3},
	Pages = {496--510},
	Publisher = {Elsevier},
	Title = {A simple test to check the optimality of a sparse signal approximation},
	Volume = {86},
	Year = {2006}}

@article{Hong92,
	Author = {Hong, YP and Pan, C-T},
	Date-Modified = {2016-08-16 13:59:24 +0000},
	Journal = {Linear Algebra and its Applications},
	Pages = {27--32},
	Publisher = {Elsevier},
	Title = {A lower bound for the smallest singular value},
	Volume = {172},
	Year = {1992}}

@book{Deutsch12,
	Author = {Deutsch, F.},
	Date-Modified = {2016-08-16 14:01:47 +0000},
	Publisher = {Springer Science \& Business Media},
	Title = {Best approximation in inner product spaces},
	Year = {2012}}

@article{Agarwal14,
	Author = {Agarwal, G. and Stevenson, I. and Ber{\'e}nyi, A. and Mizuseki, K. and Buzs{\'a}ki, G. and Sommer, F.},
	Date-Modified = {2016-08-16 14:03:52 +0000},
	Journal = {Science},
	Number = {6184},
	Pages = {626--630},
	Publisher = {American Association for the Advancement of Science},
	Title = {Spatially distributed local fields in the hippocampus encode rat position},
	Volume = {344},
	Year = {2014}}

@article{bell1997independent,
	Author = {Bell, A. and Sejnowski, T.},
	Journal = {Vision Res.},
	Number = {23},
	Pages = {3327--3338},
	Publisher = {Elsevier},
	Title = {The ``independent components" of natural scenes are edge filters},
	Volume = {37},
	Year = {1997}}

@article{bellsejnowski1996,
	Author = {Bell, A. and Sejnowski, T.},
	Journal = {Network Comp. Neural},
	Number = {2},
	Pages = {261--266},
	Publisher = {Informa Healthcare},
	Title = {{Learning the higher-order structure of a natural sound}},
	Volume = {7},
	Year = {1996}}

@article{smithlewicki2006,
	Author = {Smith, E.C. and Lewicki, M.S.},
	Journal = {Nature},
	Number = {7079},
	Pages = {978--982},
	Publisher = {Nature Publishing Group},
	Title = {{Efficient auditory coding}},
	Volume = {439},
	Year = {2006}}

@article{Carlson12,
	Author = {Carlson, N. AND Ming, V. AND DeWeese, M.},
	Doi = {10.1371/journal.pcbi.1002594},
	Journal = {PLOS Comput. Biol.},
	Number = {7},
	Pages = {e1002594},
	Publisher = {Public Library of Science},
	Title = {Sparse Codes for Speech Predict Spectrotemporal Receptive Fields in the Inferior Colliculus},
	Volume = {8},
	Year = {2012},
	Bdsk-Url-1 = {http://dx.doi.org/10.1371/journal.pcbi.1002594}}

@article{hughes2010,
	Author = {Hughes, J. and Graham, D. and Rockmore, D.},
	Journal = {Proc. Natl. Acad. Sci.},
	Number = {4},
	Pages = {1279--1283},
	Publisher = {National Acad Sciences},
	Title = {Quantification of artistic style through sparse coding analysis in the drawings of {P}ieter {B}ruegel the {E}lder},
	Volume = {107},
	Year = {2010}}

@inproceedings{hurri1996image,
	Author = {Hurri, J. and Hyv{\"a}rinen, A. and Karhunen, J. and Oja, E.},
	Booktitle = {Proc. NORSIG '96 (Nordic Signal Proc. Symposium)},
	Pages = {475--478},
	Title = {Image feature extraction using independent component analysis},
	Year = {1996}}

@article{van1998independent,
	Author = {van Hateren, J. and van der Schaaf, A.},
	Journal = {Proc. R Soc. Lond. [Biol.]},
	Number = {1394},
	Pages = {359--366},
	Publisher = {The Royal Society},
	Title = {Independent component filters of natural images compared with simple cells in primary visual cortex},
	Volume = {265},
	Year = {1998}}

@article{agarwal2014spatially,
	Author = {Agarwal, G. and Stevenson, I. and Ber{\'e}nyi, A. and Mizuseki, K. and Buzs{\'a}ki, G. and Sommer, F.},
	Journal = {Science},
	Number = {6184},
	Pages = {626--630},
	Publisher = {American Association for the Advancement of Science},
	Title = {Spatially distributed local fields in the hippocampus encode rat position},
	Volume = {344},
	Year = {2014}}

@article{rehnsommer2007,
	Author = {Rehn, M. and Sommer, F.},
	Journal = {J. Comput. Neurosci.},
	Number = {2},
	Pages = {135--146},
	Publisher = {Springer},
	Title = {{A network that uses few active neurones to code visual input predicts the diverse shapes of cortical receptive fields}},
	Volume = {22},
	Year = {2007}}

@inproceedings{Isely10,
	Author = {Isely, Guy and Hillar, Christopher and Sommer, Fritz},
	Booktitle = {Adv. Neural Inf. Process. Syst.},
	Date-Modified = {2016-08-16 14:02:18 +0000},
	Pages = {910--918},
	Title = {Deciphering subsampled data: adaptive compressive sampling as a principle of brain communication},
	Year = {2010}}

@inproceedings{Coulter10,
	Author = {Coulter, W. and Hillar, C. and Isley, G. and Sommer, F.},
	Booktitle = {Proc. IEEE Int. Conf. Acoust. Speech Signal Process.},
	Date-Modified = {2016-08-16 14:01:06 +0000},
	Organization = {IEEE},
	Pages = {5494--5497},
	Title = {Adaptive compressed sensing -- a new class of self-organizing coding models for neuroscience},
	Year = {2010}}

@article{Hillar15,
	Author = {Hillar, C and Sommer, F},
	Journal = {IEEE Trans. Inf. Theory},
	Number = {11},
	Pages = {6290--6297},
	Publisher = {IEEE},
	Title = {When can dictionary learning uniquely recover sparse data from subsamples?},
	Volume = {61},
	Year = {2015}}

@article{Zhang15,
	Author = {Zhang, Zheng and Xu, Yong and Yang, Jian and Li, Xuelong and Zhang, David},
	Journal = {Access, IEEE},
	Pages = {490--530},
	Publisher = {IEEE},
	Title = {A survey of sparse representation: algorithms and applications},
	Volume = {3},
	Year = {2015}}

@article{Gleichman11,
	Author = {Gleichman, S. and Eldar, Y.C.},
	Date-Modified = {2016-08-16 14:01:59 +0000},
	Journal = {Information Theory, IEEE Transactions on},
	Number = {10},
	Pages = {6958--6975},
	Publisher = {IEEE},
	Title = {Blind compressed sensing},
	Volume = {57},
	Year = {2011}}

@article{Grcar10,
	Author = {Grcar, J.},
	Date-Modified = {2016-08-16 13:59:33 +0000},
	Journal = {Linear Algebra Appl.},
	Number = {1},
	Pages = {203--220},
	Publisher = {Elsevier},
	Title = {A matrix lower bound},
	Volume = {433},
	Year = {2010}}

@book{Akhiezer13,
	Author = {Akhiezer, N. and Glazman, I.},
	Date-Modified = {2016-08-16 14:05:02 +0000},
	Publisher = {Courier Corporation},
	Title = {Theory of linear operators in Hilbert space},
	Year = {2013}}

@article{Razaviyayn15,
	Author = {Razaviyayn, Meisam and Tseng, Hung-Wei and Luo, Zhi-Quan},
	Date-Modified = {2016-08-16 14:02:11 +0000},
	Journal = {arXiv preprint arXiv:1511.01776},
	Title = {Computational Intractability of Dictionary Learning for Sparse Representation},
	Year = {2015}}

@article{Olshausen96,
	Author = {Olshausen, B. and Field, D.},
	Journal = {Nature},
	Number = {6583},
	Pages = {607--609},
	Title = {{Emergence of simple-cell receptive field properties by learning a sparse code for natural images}},
	Volume = {381},
	Year = {1996}}

@article{Choudhary14,
	Author = {Choudhary, Sunav and Mitra, Urbashi},
	File = {/Users/Charles/Downloads/1402.2637v2.pdf},
	Journal = {{arXiv} preprint {arXiv:1402.2637}},
	Title = {Identifiability Scaling Laws in Bilinear Inverse Problems},
	Year = {2014}}

@article{Sun16,
	Author = {Sun, J and Qu, Q and Wright, J},
	Journal = {IEEE Trans. Inf. Theory},
	Pages = {853 - 884},
	Publisher = {IEEE},
	Title = {{Complete dictionary recovery over the sphere I: Overview and the geometric picture}},
	Year = {2016}}

@article{Olshausen10,
	Author = {Olshausen, B. and DeWeese, M.},
	Journal = {Nature},
	Number = {7284},
	Pages = {1027--1028},
	Publisher = {Nature Publishing Group},
	Title = {Applied mathematics: The statistics of style},
	Volume = {463},
	Year = {2010}}

@article{Hadamard1902,
	Author = {Hadamard, Jacques},
	Journal = {Princeton University Bulletin},
	Number = {49-52},
	Pages = {28},
	Title = {Sur les probl{\`e}mes aux d{\'e}riv{\'e}es partielles et leur signification physique},
	Volume = {13},
	Year = {1902}}

@book{Kato2013,
	Author = {Kato, Tosio},
	Publisher = {Springer Science \& Business Media},
	Title = {Perturbation theory for linear operators},
	Volume = {132},
	Year = {2013}}

@article{Blanchard2011,
	Author = {Blanchard, J. and Cartis, C. and Tanner, J.},
	Journal = {SIAM Rev.},
	Number = {1},
	Pages = {105--125},
	Publisher = {SIAM},
	Title = {Compressed sensing: How sharp is the restricted isometry property?},
	Volume = {53},
	Year = {2011}}

@article{Foucart2009,
	Author = {Foucart, Simon and Lai, Ming-Jun},
	Journal = {Applied and Computational Harmonic Analysis},
	Number = {3},
	Pages = {395--407},
	Publisher = {Elsevier},
	Title = {Sparsest solutions of underdetermined linear systems via $\ell_q$-minimization for $0 < q < 1$},
	Volume = {26},
	Year = {2009}}

@article{donoho2001can,
	Author = {Donoho, D. and Flesia, A.},
	Journal = {Network Comp. Neural},
	Number = {3},
	Pages = {371--393},
	Publisher = {Taylor \& Francis},
	Title = {Can recent innovations in harmonic analysis 'explain' key findings in natural image statistics?},
	Volume = {12},
	Year = {2001}}

@article{ganguli2012compressed,
	Author = {Ganguli, Surya and Sompolinsky, Haim},
	Journal = {Annu. Rev. Neurosci.},
	Pages = {485--508},
	Publisher = {Annual Reviews},
	Title = {Compressed sensing, sparsity, and dimensionality in neuronal information processing and data analysis},
	Volume = {35},
	Year = {2012}}

@article{lu2008theory,
	Author = {Lu, Yue M and Do, Minh N},
	Journal = {IEEE transactions on signal processing},
	Number = {6},
	Pages = {2334--2345},
	Publisher = {IEEE},
	Title = {A theory for sampling signals from a union of subspaces},
	Volume = {56},
	Year = {2008}}

@article{vidal2005generalized,
	Author = {Vidal, Rene and Ma, Yi and Sastry, Shankar},
	Journal = {IEEE Trans. Pattern Anal. Mach. Intell.},
	Number = {12},
	Pages = {1945--1959},
	Publisher = {IEEE},
	Title = {Generalized principal component analysis ({GPCA})},
	Volume = {27},
	Year = {2005}}

@article{olshausen2010applied,
	Author = {Olshausen, Bruno A and DeWeese, Michael R},
	Journal = {Nature},
	Number = {7284},
	Pages = {1027},
	Publisher = {Nature Publishing Group},
	Title = {Applied mathematics: The statistics of style},
	Volume = {463},
	Year = {2010}}

@article{donoho2003optimally,
	Author = {Donoho, David L and Elad, Michael},
	Journal = {Proceedings of the National Academy of Sciences},
	Number = {5},
	Pages = {2197--2202},
	Publisher = {National Acad Sciences},
	Title = {Optimally sparse representation in general (nonorthogonal) dictionaries via ℓ1 minimization},
	Volume = {100},
	Year = {2003}}
