@Book{CdSW,
  author = 	 {Cannas da Silva, A. and Weinstein, A.},
  editor = 	 {},
  title = 	 {Geometric Models for Noncommutative Algebras},
  publisher = 	 {American Mathematical Society},
  year = 	 {1999},
  OPTkey = 	 {},
  OPTvolume = 	 {},
  OPTnumber = 	 {},
  OPTseries = 	 {},
  OPTaddress = 	 {},
  OPTedition = 	 {},
  OPTmonth = 	 {},
  OPTnote = 	 {},
  OPTannote = 	 {}
}


@Article{BFFLS,
  author = 	 {Bayen, F. and Flato, M. and Fronsdal, C. and Lichnerowicz, A. and Sternheimer, D.},
  title = 	 {Deformation Theory and Quantization, {I} and {II}}, 
  journal = 	 {Ann. Phys.}, 
  year = 	 {1977},
  OPTkey = 	 {},
  volume = 	 {111},
  OPTnumber = 	 {},
  pages = 	 {61--151}, 
  OPTmonth = 	 {},
  OPTnote = 	 {},
  OPTannote = 	 {}
}



@Book{CP,
  author = 	 {Chari, V. and Pressley, A.},
  editor = 	 {},
  title = 	 {A Guide to Quantum Groups},
  publisher = 	 {Cambridge University Press},
  year = 	 {1994},
  OPTkey = 	 {},
  OPTvolume = 	 {},
  OPTnumber = 	 {},
  OPTseries = 	 {},
  OPTaddress = 	 {},
  edition = 	 {2},
  OPTmonth = 	 {},
  OPTnote = 	 {},
  OPTannote = 	 {}
}

@Book{C,
  author = 	 {Curtis, M.},
  editor = 	 {},
  title = 	 {Matrix Groups},
  publisher = 	 {Springer-Verlag},
  year = 	 {1984},
  OPTkey = 	 {},
  OPTvolume = 	 {},
  OPTnumber = 	 {},
  OPTseries = 	 {},
  OPTaddress = 	 {},
  edition = 	 {2},
  OPTmonth = 	 {},
  OPTnote = 	 {},
  OPTannote = 	 {}
}

@Book{D,
  author = 	 {Dixmier, J.},
  editor = 	 {},
  title = 	 {Alg\`ebres Enveloppantes},
  publisher = 	 {Gauthier-Villars (Paris)},
  year = 	 {1974},
  OPTkey = 	 {},
  OPTvolume = 	 {},
  OPTnumber = 	 {},
  OPTseries = 	 {},
  OPTaddress = 	 {},
  edition = 	 {2},
  OPTmonth = 	 {},
  OPTnote = 	 {},
  OPTannote = 	 {}
}

@Book{G,
  author = 	 {Guillemin, V.},
  editor = 	 {},
  title = 	 {Moment Maps and Combinatorial Invariants of Hamiltonian
$T$-spaces},
  publisher = 	 {Birkh\"{a}user},
  year = 	 {1994},
  OPTkey = 	 {},
  OPTvolume = 	 {},
  number = 	 {122},
  series = 	 {Progress in Mathematics},
  OPTaddress = 	 {},
  OPTedition = 	 {},
  OPTmonth = 	 {},
  OPTnote = 	 {},
  OPTannote = 	 {}
}

@Book{GGK,
  author = 	 {Guillemin, V. and Ginzburg, V. and Karshon, Y.},
  editor = 	 {},
  title = 	 {Moment maps, cobordisms, and Hamiltonian group actions},
  publisher = 	 {American Mathematical Society}, 
  year = 	 {2002},
  OPTkey = 	 {},
  OPTvolume = 	 {},
  number = 	 {98},
  series = 	 {Mathematical Surveys and Monographs},
  OPTaddress = 	 {},
  OPTedition = 	 {},
  OPTmonth = 	 {},
  OPTnote = 	 {},
  OPTannote = 	 {}
}


@Book{GLS,
  author = 	 {Guillemin, V. and Lerman, E. and Sternberg, S.},
  editor = 	 {},
  title = 	 {Symplectic Fibrations and Multiplicity Diagrams},
  publisher = 	 {Cambridge University Press},
  year = 	 {1994},
  OPTkey = 	 {},
  OPTvolume = 	 {},
  OPTnumber = 	 {},
  OPTseries = 	 {},
  OPTaddress = 	 {},
  OPTedition = 	 {},
  OPTmonth = 	 {},
  OPTnote = 	 {},
  OPTannote = 	 {}
}


@Article{GS82,
  author = 	 {Guillemin, V. and Sternberg, S.},
  title = 	 {Geometric Quantization and multiplicities of group
representations}, 
  journal = 	 {Invent. Math.}, 
  year = 	 {1982},
  OPTkey = 	 {},
  volume = 	 {67},
  number = 	 {3},
  pages = 	 {515--538}, 
  OPTmonth = 	 {},
  OPTnote = 	 {},
  OPTannote = 	 {}
}


@Article{GS83,
  author = 	 {Guillemin, V. and Sternberg, S.},
  title = 	 {The {G}el{$'$}fand-{C}etlin System and Quantization of the
Complex Flag Manifolds},
  journal = 	 {Journal of Function Analysis},
  year = 	 {1983},
  OPTkey = 	 {},
  volume = 	 {52},
  OPTnumber = 	 {},
  pages = 	 {106-128},
  OPTmonth = 	 {},
  OPTnote = 	 {},
  OPTannote = 	 {}
}

@Book{GS84,
  author = 	 {Guillemin, V. and Sternberg, S.},
  editor = 	 {},
  title = 	 {Symplectic Techniques in Physics},
  publisher = 	 {Cambridge University Press},
  year = 	 {1984},
  OPTkey = 	 {},
  OPTvolume = 	 {},
  OPTnumber = 	 {},
  OPTseries = 	 {},
  OPTaddress = 	 {},
  OPTedition = 	 {},
  OPTmonth = 	 {},
  OPTnote = 	 {},
  OPTannote = 	 {}
}

@Article{LMTW,
  author = 	 {Lerman, E. and Meinrenken, E. and Tolman, S. and Woodward, C.},
  title = 	 {Non-abelian Convexity by Symplectic Cuts},
  journal = 	 {Topology},
  year = 	 {1998},
  OPTkey = 	 {},
  volume = 	 {37},
  number = 	 {2},
  pages = 	 {245-259},
  OPTmonth = 	 {},
  OPTnote = 	 {},
  OPTannote = 	 {}
}


@Article{M1,
  author = 	 {Molev, A.},
  title = 	 {Gelfand-{T}setlin Basis for Representations of {Y}angians},
  journal = 	 {Lett. Math. Phys.},
  year = 	 {1994},
  OPTkey = 	 {},
  volume = 	 {30},
  number = 	 {1},
  pages = 	 {53-60},
  OPTmonth = 	 {},
  OPTnote = 	 {},
  OPTannote = 	 {}
}

@Article{M2,
  author = 	 {Molev, A.},
  title = 	 {Sklyanin determinant, {L}aplace operators, and characteristic identities for classical {L}ie algebras}, 
  journal = 	 {J. Math. Phys.},
  year = 	 {1995},
  OPTkey = 	 {},
  volume = 	 {36},
  number = 	 {2},
  pages = 	 {923-943},
  OPTmonth = 	 {},
  OPTnote = 	 {},
  OPTannote = 	 {}
}


@Article{M3,
  author = 	 {Molev, A.},
  title = 	 {Finite-Dimensional Irreducible Representations of Twisted
{Y}angians},
  journal = 	 {J. Math. Phys.},
  year = 	 {1998},
  OPTkey = 	 {},
  volume = 	 {39},
  number = 	 {10},
  pages = 	 {5559-5600},
  OPTmonth = 	 {},
  OPTnote = 	 {},
  OPTannote = 	 {}
}


@Article{M4,
  author = 	 {Molev, A.},
  title = 	 {A Basis for Representations of Symplectic {L}ie Algebras},
  journal = 	 {Comm. Math. Phys.},
  year = 	 {1999},
  OPTkey = 	 {},
  volume = 	 {201},
  number = 	 {3},
  pages = 	 {591-618},
  OPTmonth = 	 {},
  OPTnote = 	 {},
  OPTannote = 	 {}
}

@Article{MNO,
  author = 	 {Molev, A. and Nazarov, A. and Ol{$'$}shanskii, G.},
  title = 	 {Yangians and classical {L}ie algebras},
  journal = 	 {Russian Math. Surveys},
  year = 	 {1996},
  OPTkey = 	 {},
  volume = 	 {51},
  number = 	 {2},
  pages = 	 {205-282},
  OPTmonth = 	 {},
  OPTnote = 	 {},
  OPTannote = 	 {}
}

@Article{MO,
  author = 	 {Molev, A. and Ol{$'$}shanskii, G.},
  title = 	 {Centralizer Construction for Twisted {Y}angians},
  journal = 	 {Selecta Math. (N.S.)},
  year = 	 {2000},
  OPTkey = 	 {},
  volume = 	 {6},
  number = 	 {3},
  pages = 	 {269-317},
  OPTmonth = 	 {},
  OPTnote = 	 {},
  OPTannote = 	 {}
}

@Article{O92,
  author = 	 {Ol{$'$}shanskii, G.},
  title = 	 {Twisted {Y}angians and infinite-dimensional classical {L}ie algebras},
  journal = 	 {Quantum Groups (Lecture Notes in Mathematics)},
  year = 	 {1992},
  OPTkey = 	 {},
  volume = 	 {1510},
  OPTnumber = 	 {},
  pages = 	 {103-120},
  OPTmonth = 	 {},
  OPTnote = 	 {},
  OPTannote = 	 {}
}